@misc{IoT,
    author          = {Wikipedia},
    title           = {Internet Of Things},
    howpublished    = {Disponibile all'indirizzo: \verb|https://en.wikipedia.org/wiki/Internet_of_things|},
    note            = {Data ultima consultazione: 2017-05-31}
}

@misc{Gart,
    author          = {Gartner Inc.},
    title           = {Gartner Says 6.4 Billion Connected Things Will Be in Use in 2016, Up 30 Percent From 2015},
    howpublished    = {Disponibile all'indirizzo: \url{http://www.gartner.com/newsroom/id/3165317}},
    note            = {Data ultima consultazione: 2017-05-31}
}

@misc{PCNEurotech,
    author          = {Eurotech},
    title           = {{P}assenger {C}ounter {E}urotech},
    howpublished    = {Disponibile all'indirizzo: \url{https://www.eurotech.com/en/products/devices/people+passenger+counters}},
    note            = {Data ultima consultazione: 2017-05-31}
}

@manual{eurotech:DynaPCN10-20,
    organization  = "Eurotech",
    title         = "Ethernet or PoE Passenger Counter DynaPCN 10-20",
    year          =  2016,
    month         =  9,
    note          = "Rev. 02"
}

@manual{eurotech:ReliaGate50-21,
    organization  = "Eurotech",
    title         = "Multi-Service Gateway \& Edge Controller ReliaGate 50-21",
    year          =  2014,
    month         =  4,
    note          = "Rev. 01"
}

@manual{eurotech:ReliaGate20-25,
    organization  = "Eurotech",
    title         = "Multi-Service IoT Gateway ReliaGate 20-25",
    year          =  2017,
    month         =  3,
    note          = "Rev. 09"
}

@manual{eurotech:PCN-1001Manuale,
    organization  = "Eurotech",
    title         = "PCN-1001: Manuale per lo sviluppatore",
    year          =  2010,
    month         =  6,
    note          = "Rev. 2.1"
}

@manual{intel:r200,
    organization  = "Intel",
    title         = "Intel RealSense Camera R200 Embedded Infrared Assisted Stereovision 3D Imaging System with Color Camera",
    year          =  2016,
    month         =  6,
    note          = "Rev. 001"
}

@manual{intel:sr300,
    organization  = "Intel",
    title         = "Intel RealSense Camera SR300 Embedded Coded Light 3D Imaging System with Full High Definition Color Camera",
    year          =  2016,
    month         =  6,
    note          = "Rev. 1.0"
}

@misc{librealsense,
    author       = {Intel},
    title        = {librealsense},
    publisher    = {GitHub},
    journal      = {GitHub repository},
    howpublished = {Disponibile all'indirizzo: \url{https://github.com/IntelRealSense/librealsense}},
    note         = {Data ultima consultazione: 2017-05-31}
}

@misc{WikiOpenCV,
    author          = {Wikipedia},
    title           = {OpenCV},
    howpublished    = {Disponibile all'indirizzo: \url{https://en.wikipedia.org/wiki/OpenCV}},
    note            = {Data ultima consultazione: 2017-05-31}
}

@misc{WikiChainCode,
    author          = {Wikipedia},
    title           = {Chain Code},
    howpublished    = {Disponibile all'indirizzo: \url{https://en.wikipedia.org/wiki/Chain_code}},
    note            = {Data ultima consultazione: 2017-05-31}
}

@misc{WikiBackSub,
    author          = {Wikipedia},
    title           = {Background Subtraction},
    howpublished    = {Disponibile all'indirizzo: \verb|https://en.wikipedia.org/wiki/Background_subtraction|},
    note            = {Data ultima consultazione: 2017-05-31}
}

@misc{WikiStructLight,
    author          = {Wikipedia},
    title           = {Structured-light 3{D} scanner},
    howpublished    = {Disponibile all'indirizzo: \url{https://en.wikipedia.org/wiki/Structured-light_3D_scanner}},
    note            = {Data ultima consultazione: 2017-05-31}
}

@misc{WikiStereoVision,
    author          = {Wikipedia},
    title           = {Computer Stereo Vision},
    howpublished    = {Disponibile all'indirizzo: \verb|https://en.wikipedia.org/wiki/Computer_stereo_vision|},
    note            = {Data ultima consultazione: 2017-05-31}
}

@misc{StereoVision,
    author          = {McCormick, C.},
    title           = {Stereo Vision Tutorial: introduction to calculating a disparity map from two rectified stereo images},
    howpublished    = {Disponibile all'indirizzo: \url{http://mccormickml.com/2014/01/10/stereo-vision-tutorial-part-i/}},
    note            = {Data ultima consultazione: 2017-05-31}
}

@misc{OpenCV,
    author          = {OpenCV.org},
    title           = {OpenCV library},
    howpublished    = {Disponibile all'indirizzo: \url{http://opencv.org/}},
    note            = {Data ultima consultazione: 2017-05-31}
}

@misc{Yocto,
    author          = {Yocto Project},
    title           = {Yocto Project},
    howpublished    = {Disponibile all'indirizzo: \url{https://www.yoctoproject.org/}},
    note            = {Data ultima consultazione: 2017-05-31}
}

@manual{yocto:megamanual,
    organization  = "Yocto Project",
    title         = "Yocto Project Mega-Manual",
    year          =  2017,
    month         =  5,
    note          = "Rev. 2.3"
}

@manual{avnet:zedboard,
    organization  = "Avnet",
    title         = "Zedboard Getting Started Guide",
    year          =  2014,
    month         =  1,
    note          = "Rev. 7.0"
}

@misc{SDSoC,
    author          = {Xilinx},
    title           = {{SDS}o{C} Development Environment},
    howpublished    = {Disponibile all'indirizzo: \url{https://www.xilinx.com/products/design-tools/software-zone/sdsoc.html}},
    note            = {Data ultima consultazione: 2017-05-31}
}

@manual{xilinx:sdsoc,
    organization  = "Xilinx",
    title         = "SDSoC Environment User Guide UG1027",
    year          =  2016,
    month         =  11,
    note          = "Rev. 3"
}

@manual{xilinx:auvizcv,
    organization  = "Xilinx",
    title         = "Xilinx AuvizCV Library User Guide UG1233",
    year          =  2016,
    month         =  9,
    note          = "Rev. Early Access"
}

@article{zivkovic2004,
    author  = "Zivkovic, Z.",
    title   = "Improved adaptive {G}aussian mixture model for background subtraction",
    year    = "2004",
    journal = "Pattern Recognition, 2004. ICPR 2004. IEEE",
    volume  = "2",
    number  = "2",
    pages   = "28-31"
}

@article{zivkovic2006,
    author  = "Zivkovic, Z.",
    title   = "Efficient Adaptive Density Estimation per Image Pixel for the Task of Background Subtraction",
    journal = "Pattern Recognition Letters",
    volume  = "27",
    number  = "7",
    year    = "2006",
    pages   = "773--780"
}

@article{suzukiabe85,
    author  = "Suzuki, S. and Abe, K.",
    title   = "Topological Structural Analysis of Digitized Binary Images by Border Following",
    year    = "1985",
    journal = "Computer Vision Graphics and Image Processing",
    volume  = "30",
    number  = "1",
    pages   = "342--351"
}

@article{freeman61,
    author  = "Freeman, H.",
    title   = "On the encoding of arbitrary geometric configurations",
    year    = "1961",
    journal = "IRE Transactions on Electronic Computers",
    volume  = "EC-10",
    number  = "2",
    pages   = "260--268"
}

@misc{SWIG,
    author          = {SWIG},
    title           = {{S}implified {W}rapper and {I}nterface {G}enerator},
    howpublished    = {Disponibile all'indirizzo: \url{http://www.swig.org/}},
    note            = {Data ultima consultazione: 2017-05-31}
}

@misc{JavaCPP,
    author          = {bytedeco},
    title           = {Java{CPP}},
    howpublished    = {Disponibile all'indirizzo: \url{https://github.com/bytedeco/javacpp}},
    note            = {Data ultima consultazione: 2017-05-31}
}

@misc{JavaCPPPresets,
    author          = {bytedeco},
    title           = {Java{CPP} {P}resets},
    howpublished    = {Disponibile all'indirizzo: \url{https://github.com/bytedeco/javacpp-presets}},
    note            = {Data ultima consultazione: 2017-06-08}
}

@misc{JavaCV,
    author          = {bytedeco},
    title           = {Java{CV}},
    howpublished    = {Disponibile all'indirizzo: \url{https://github.com/bytedeco/javacv}},
    note            = {Data ultima consultazione: 2017-06-08}
}

@misc{Footfall,
    author          = {Wired Watershed},
    title           = {Footfall: a camera based people counting system for under \textsterling60},
    howpublished    = {Disponibile all'indirizzo: \url{https://blogs.wcode.org/2015/04/footfall-a-camera-based-people-counting-system-for-under-60/}},
    note            = {Data ultima consultazione: 2017-05-31}
}

@misc{FEMB,
    author          = {FEMB},
    title           = {People Counter},
    howpublished    = {Disponibile all'indirizzo: \url{http://www.femb.com.mx/blog/}},
    note            = {Data ultima consultazione: 2017-05-31}
}

@misc{Thermostat,
    author          ={Dal Ben, M.},
    title           ={Studio e sviluppo di firmware per un cronotermostato intelligente},
    howpublished    ={Universit\`a degli Studi di Udine},
    year            ={2014}
}

@misc{OpenEmbedded,
    author          = {OpenEmbedded},
    title           = {Open{E}mbedded build framework},
    howpublished    = {Disponibile all'indirizzo: \url{https://www.openembedded.org/wiki/Main_Page}},
    note            = {Data ultima consultazione: 2017-06-5}
}

@misc{BitBake,
    author          = {Wikipedia},
    title           = {Bit{B}ake},
    howpublished    = {Disponibile all'indirizzo: \url{https://en.wikipedia.org/wiki/BitBake}},
    note            = {Data ultima consultazione: 2017-06-5}
}

@misc{OSGi,
    author          = {Alliance OSGi},
    title           = {{OSG}i},
    howpublished    = {Disponibile all'indirizzo: \url{https://www.osgi.org/}},
    note            = {Data ultima consultazione: 2017-06-5}
}

@manual{avnet:moduloHDMI,
    organization  = "Avnet",
    title         = "AES-FMC-HDMI-CAM-G HDMI Input/Output FMC module with Camera Interface",
    year          =  2015,
    month         =  9,
    note          = "Rev. 0.1"
}

@misc{misturadistribuzioni,
    author          = {Wikipedia},
    title           = {Mistura di distribuzioni},
    howpublished    = {Disponibile all'indirizzo: \url{https://it.wikipedia.org/wiki/Mistura_di_distribuzioni}},
    note            = {Data ultima consultazione: 2017-06-08}
}

@misc{distanzaMahalanobis,
    author          = {Wikipedia},
    title           = {Distanza di {M}ahalanobis},
    howpublished    = {Disponibile all'indirizzo: \url{https://it.wikipedia.org/wiki/Distanza_di_Mahalanobis}},
    note            = {Data ultima consultazione: 2017-06-08}
}

@misc{stereopsi,
    author          = {Wikipedia},
    title           = {Stereopsi o Visione Binoculare},
    howpublished    = {Disponibile all'indirizzo: \url{https://it.wikipedia.org/wiki/Visione_binoculare}},
    note            = {Data ultima consultazione: 2017-06-08}
}
